@inproceedings{Felzenszwalb2010b,
author = {Felzenszwalb, PF and Pap, G and Tardos, E and Zabih, R.},
booktitle = {Computer Vision and Pattern Recognition (CVPR), 2010 IEEE Conference on},
pages = {3153--3160},
publisher = {IEEE},
title = {{Globally optimal pixel labeling algorithms for tree metrics}},
url = {http://www.computer.org/portal/web/csdl/doi/10.1109/CVPR.2010.5540077 http://ieeexplore.ieee.org/xpls/abs\_all.jsp?arnumber=5540077},
year = {2010}
}
@article{Kleinberg2002,
author = {Kleinberg, Jon and Tardos, \'{E}va},
doi = {10.1145/585265.585268},
issn = {00045411},
journal = {Journal of the ACM},
month = sep,
number = {5},
pages = {616--639},
title = {{Approximation algorithms for classification problems with pairwise relationships: metric labeling and Markov random fields}},
url = {http://portal.acm.org/citation.cfm?doid=585265.585268},
volume = {49},
year = {2002}
}
@article{Komodakis2011a,
author = {Komodakis, Nikos and Paragios, Nikos and Tziritas, Georgios},
doi = {10.1109/TPAMI.2010.108},
issn = {1939-3539},
journal = {IEEE transactions on pattern analysis and machine intelligence},s
month = mar,
number = {3},
pages = {531--52},
pmid = {20479493},
title = {{MRF energy minimization and beyond via dual decomposition.}},
url = {http://www.ncbi.nlm.nih.gov/pubmed/20479493},
volume = {33},
year = {2011}
}
@inproceedings{Tsai2010,
author = {Tsai, David and Flagg, Matthew and Rehg, James},
booktitle = {Procedings of the British Machine Vision Conference 2010},
doi = {10.5244/C.24.56},
isbn = {1-901725-40-5},
pages = {56.1--56.11},
publisher = {British Machine Vision Association},
title = {{Motion Coherent Tracking with Multi-label MRF optimization}},
url = {http://www.bmva.org/bmvc/2010/conference/paper56/index.html},
year = {2010}
}
@techreport{Komodakis2007a,
author = {Tziritas, N.K.N.P.G.},
booktitle = {Computer},
number = {April},
pages = {19},
title = {{Optimization of Discrete Markov Random Fields via Dual Decomposition}},
url = {http://www.csd.uoc.gr/~komod/publications/docs/Dual\_Decomposition\_TR.pdf},
year = {2007}
}

@incollection{brox2010object,
  title={Object segmentation by long term analysis of point trajectories},
  author={Brox, Thomas and Malik, Jitendra},
  booktitle={Computer Vision--ECCV 2010},
  pages={282--295},
  year={2010},
  publisher={Springer},
  url = {http://lmb.informatik.uni-freiburg.de/resources/datasets/},
}